@article{Ramsey,
  title = {Negative Absolute Temperatures},
  author = {Klein, Martin J.},
  journal = {Phys. Rev.},
  volume = {104},
  issue = {3},
  pages = {589--589},
  numpages = {0},
  year = {1956},
  month = {Nov},
  publisher = {American Physical Society},
  doi = {10.1103/PhysRev.104.589},
  url = {https://link.aps.org/doi/10.1103/PhysRev.104.589}
}